<record><leader>00000cas a22000007a 4500</leader><controlfield tag="001">15341061</controlfield><controlfield tag="008">870318d18551857iauwr ne      0    0eng d</controlfield><datafield ind1=" " ind2=" " tag="010"><subfield code="a">sn 87057396 </subfield></datafield><datafield ind1=" " ind2=" " tag="040"><subfield code="a">INP</subfield><subfield code="b">eng</subfield><subfield code="c">INP</subfield><subfield code="d">OCLCQ</subfield></datafield><datafield ind1=" " ind2=" " tag="042"><subfield code="a">msc</subfield></datafield><datafield ind1="0" ind2=" " tag="130"><subfield code="a">Iowa statesman (Fort Des Moines, Iowa)</subfield></datafield><datafield ind1="1" ind2="4" tag="245"><subfield code="a">The Iowa statesman.</subfield></datafield><datafield ind1=" " ind2=" " tag="260"><subfield code="a">Fort Des Moines, Iowa :</subfield><subfield code="b">[s.n.]</subfield></datafield><datafield ind1=" " ind2=" " tag="300"><subfield code="a">v. :</subfield><subfield code="b">ill. ;</subfield><subfield code="c">70 cm.</subfield></datafield><datafield ind1=" " ind2=" " tag="310"><subfield code="a">Weekly</subfield></datafield><datafield ind1="1" ind2=" " tag="362"><subfield code="a">Issued 1855-1857.</subfield><subfield code="z">Cf. Bibl. of Iowa newspapers.</subfield></datafield><datafield ind1=" " ind2=" " tag="588"><subfield code="a">Description based on: Vol. 1, no. 49 (Mar. 18, 1856).</subfield></datafield><datafield ind1=" " ind2=" " tag="752"><subfield code="a">United States</subfield><subfield code="b">Iowa</subfield><subfield code="c">Polk</subfield><subfield code="d">Fort Des Moines.</subfield></datafield><datafield ind1="0" ind2="0" tag="780"><subfield code="t">Fort Des Moines star</subfield></datafield><datafield ind1="0" ind2="0" tag="785"><subfield code="t">Iowa state journal (Des Moines, Iowa : 1857)</subfield><subfield code="w">(DLC)sn 85049886</subfield></datafield></record>